@book{bringhurst1996ets,
  title={{The Elements of Typographic Style}},
  author={Bringhurst, Robert},
  year={1996},
  publisher={Hartley \& Marks}
}

@INPROCEEDINGS{Fritsch2013ITSC,
  author = {Jannik Fritsch and Tobias Kuehnl and Andreas Geiger},
  title = {A New Performance Measure and Evaluation Benchmark for Road Detection Algorithms},
  booktitle = {International Conference on Intelligent Transportation Systems (ITSC)},
  year = {2013}
} 

@ARTICLE{blanco2013mlgdataset,
    author = {Blanco, Jos{\'{e}}-Luis and Moreno, Francisco-Angel and Gonz{\'{a}}lez-Jim{\'{e}}nez, Javier},
     title = {The M{\'{a}}laga Urban Dataset: High-rate Stereo and Lidars in a realistic urban scenario},
   journal = {International Journal of Robotics Research},
    volume = {33},
    number = {2},
      year = {2014},
       url = {http://www.mrpt.org/MalagaUrbanDataset},
       doi = {10.1177/0278364913507326},
     pages = {207--214},
http://mapir.isa.uma.es/famoreno/images/papers/IJRR_14_malaga_dataset_thumbnail
}

@article{cvprFei,
  title={Learning generative visual models from few training examples: an incremental Bayesian approach tested on 101 object categories.},
  author={L. Fei-Fei, R. Fergus, P. Perona},
  journal={CVPR},
  year={2014},
 }

@article{scaramuzza2011visual,
  title={Visual odometry [tutorial]},
  author={Scaramuzza, Davide and Fraundorfer, Friedrich},
  journal={IEEE Robotics \& Automation Magazine},
  volume={18},
  number={4},
  pages={80--92},
  year={2011},
  publisher={IEEE}
}